<?xml version="1.0" encoding="UTF-8"?><collection xmlns="http://www.loc.gov/MARC21/slim"><record><leader>00512nam--2200181-u-4500</leader><controlfield tag="001">000054280</controlfield><controlfield tag="002">20161230</controlfield><controlfield tag="005">20161230201051</controlfield><controlfield tag="008">111102s1000------------r-----000-0-rus-d</controlfield><datafield ind1=" " ind2=" " tag="040"><subfield code="a">IFIN-HH</subfield></datafield><datafield ind1=" " ind2=" " tag="041"><subfield code="a">rus</subfield></datafield><datafield ind1=" " ind2=" " tag="080"><subfield code="a">539.12.01:530.145</subfield></datafield><datafield ind1="1" ind2=" " tag="110"><subfield code="a">Bogolyubova, N.N</subfield></datafield><datafield ind1="1" ind2="0" tag="245"><subfield code="a">Teoria silnih vzaimodeistvii pri bolsih energiah</subfield><subfield code="b">Sbornik statei</subfield><subfield code="c">N.n. bogolyubova</subfield></datafield><datafield ind1=" " ind2=" " tag="260"><subfield code="a">Moskva</subfield><subfield code="b">Izdatelstvo Inostrannoi Litaraturi</subfield><subfield code="c">1963</subfield></datafield><datafield ind1=" " ind2=" " tag="300"><subfield code="a">318P</subfield></datafield><datafield ind1=" " ind2=" " tag="852"><subfield code="a">9588</subfield><subfield code="c">539.12</subfield></datafield><datafield ind1=" " ind2=" " tag="CAT"><subfield code="a">Sys</subfield><subfield code="c">20111102</subfield><subfield code="h">134940</subfield></datafield></record></collection>